<record><leader>00000cas a22000007a 4500</leader><controlfield tag="001">12569923</controlfield><controlfield tag="008">850918c19019999aluwr ne      0    0eng d</controlfield><datafield ind1=" " ind2=" " tag="010"><subfield code="a">sn 85044930 </subfield></datafield><datafield ind1=" " ind2=" " tag="040"><subfield code="a">CPN</subfield><subfield code="b">eng</subfield><subfield code="c">CPN</subfield><subfield code="d">OCLCQ</subfield></datafield><datafield ind1=" " ind2=" " tag="042"><subfield code="a">msc</subfield></datafield><datafield ind1="0" ind2="4" tag="245"><subfield code="a">The Choctaw advocate.</subfield></datafield><datafield ind1="1" ind2="7" tag="246"><subfield code="a">Choctaw alliance</subfield></datafield><datafield ind1=" " ind2=" " tag="260"><subfield code="a">Butler, Ala. :</subfield><subfield code="b">R.N. Moody,</subfield><subfield code="c">1901-</subfield></datafield><datafield ind1=" " ind2=" " tag="300"><subfield code="a">v. :</subfield><subfield code="b">ill.</subfield></datafield><datafield ind1=" " ind2=" " tag="310"><subfield code="a">Weekly</subfield></datafield><datafield ind1="0" ind2=" " tag="362"><subfield code="a">Vol. 9, no. 35 (Aug. 28, 1901)-</subfield></datafield><datafield ind1=" " ind2=" " tag="515"><subfield code="a">Suspended with Sept. 25, 1958 issue; resumed with Nov. 2, 1958 issue.</subfield></datafield><datafield ind1=" " ind2=" " tag="752"><subfield code="a">United States</subfield><subfield code="b">Alabama</subfield><subfield code="c">Choctaw</subfield><subfield code="d">Butler.</subfield></datafield><datafield ind1="0" ind2="0" tag="780"><subfield code="t">Choctaw alliance</subfield><subfield code="w">(DLC)sn 85044931</subfield></datafield></record>